<record><leader>00000cas a22000007a 4500</leader><controlfield tag="001">10268953</controlfield><controlfield tag="008">840106d18331844msuwr ne      0   a0eng  </controlfield><datafield ind1=" " ind2=" " tag="010"><subfield code="a">sn 84020021 </subfield></datafield><datafield ind1=" " ind2=" " tag="040"><subfield code="a">DLC</subfield><subfield code="b">eng</subfield><subfield code="c">DLC</subfield><subfield code="d">MSJ</subfield><subfield code="d">KNP</subfield><subfield code="d">NVF</subfield><subfield code="d">NVK</subfield><subfield code="d">OCL</subfield><subfield code="d">OCLCO</subfield><subfield code="d">OCLCF</subfield><subfield code="d">DLC</subfield></datafield><datafield ind1="0" ind2=" " tag="022"><subfield code="a">2378-3311</subfield><subfield code="2">1</subfield></datafield><datafield ind1=" " ind2=" " tag="042"><subfield code="a">msc</subfield><subfield code="a">nsdp</subfield></datafield><datafield ind1=" " ind2=" " tag="043"><subfield code="a">n-us-ms</subfield></datafield><datafield ind1="0" ind2="0" tag="050"><subfield code="a">Newspaper</subfield></datafield><datafield ind1="0" ind2="0" tag="082"><subfield code="a">071</subfield><subfield code="2">23</subfield></datafield><datafield ind1="0" ind2=" " tag="130"><subfield code="a">Woodville Republican (Woodville, Miss. : 1833)</subfield></datafield><datafield ind1=" " ind2="0" tag="222"><subfield code="a">Woodville Republican</subfield><subfield code="b">(Woodville, Miss. 1833. Print)</subfield></datafield><datafield ind1="0" ind2="0" tag="245"><subfield code="a">Woodville Republican.</subfield></datafield><datafield ind1=" " ind2=" " tag="260"><subfield code="a">Woodville, Miss. :</subfield><subfield code="b">W.A. Norris &amp; Co.,</subfield><subfield code="c">1833-1844.</subfield></datafield><datafield ind1=" " ind2=" " tag="300"><subfield code="a">v.</subfield></datafield><datafield ind1=" " ind2=" " tag="310"><subfield code="a">Weekly</subfield></datafield><datafield ind1="0" ind2=" " tag="362"><subfield code="a">Vol. 10, no. 1 (Jan. 5, 1833)-v. 21, no. 6 (Jan. 27, 1844).</subfield></datafield><datafield ind1=" " ind2=" " tag="515"><subfield code="a">Issues for Jan. 5, 1833-Dec. 12, 1839 called also whole no. 469-911.</subfield></datafield><datafield ind1=" " ind2=" " tag="530"><subfield code="a">Available on microfilm from the University of Kentucky and The Genealogical Society, Salt Lake City, Utah.</subfield></datafield><datafield ind1=" " ind2=" " tag="530"><subfield code="a">Archived issues are available in digital format from the Library of Congress Chronicling America online collection.</subfield></datafield><datafield ind1=" " ind2="0" tag="651"><subfield code="a">Woodville (Miss.)</subfield><subfield code="v">Newspapers.</subfield></datafield><datafield ind1=" " ind2="7" tag="651"><subfield code="a">Mississippi</subfield><subfield code="z">Woodville.</subfield><subfield code="2">fast</subfield><subfield code="0">(OCoLC)fst01256176</subfield></datafield><datafield ind1=" " ind2="7" tag="655"><subfield code="a">Newspapers.</subfield><subfield code="2">fast</subfield><subfield code="0">(OCoLC)fst01423814</subfield></datafield><datafield ind1=" " ind2=" " tag="752"><subfield code="a">United States</subfield><subfield code="b">Mississippi</subfield><subfield code="c">Wilkinson</subfield><subfield code="d">Woodville.</subfield></datafield><datafield ind1="0" ind2="8" tag="776"><subfield code="i">Online version:</subfield><subfield code="t">Woodville Republican (Woodville, Miss. : 1833)</subfield><subfield code="x">2378-332X</subfield><subfield code="w">(DLC)  2015218667</subfield><subfield code="w">(OCoLC)906800954</subfield></datafield><datafield ind1="0" ind2="0" tag="780"><subfield code="t">Southern planter (Woodville, Miss.)</subfield><subfield code="x">2575-520X</subfield><subfield code="w">(DLC)sn 87065672</subfield><subfield code="w">(OCoLC)16582247</subfield></datafield><datafield ind1="0" ind2="0" tag="785"><subfield code="t">Republican (Woodville, Miss. : 1844)</subfield><subfield code="x">2470-0185</subfield><subfield code="w">(DLC)sn 84020022</subfield><subfield code="w">(OCoLC)10268985</subfield></datafield><datafield ind1="4" ind2="1" tag="856"><subfield code="u">http://www.loc.gov/chroniclingamerica/lccn/sn84020021/issues</subfield></datafield><datafield ind1="1" ind2=" " tag="029"><subfield code="a">AU@</subfield><subfield code="b">000025803310</subfield></datafield></record>